% This file was created with Citavi 6.6.0.0

@misc{OPAL.2020,
 abstract = "OPAL - Die Lernplattform f{\"u}r s{\"a}chsische Universit{\"a}ten, Hochschulen und Berufsakademien.",
 editor = "{BPS Bildungsportal Sachsen GmbH}",
 year = "2020",
 title = "OPAL - Online-Plattform f{\"u}r Akademisches Lehren und Lernen",
 howpublished  = "\url{https://bildungsportal.sachsen.de/opal/shiblogin?0}",
 address = "Chemnitz",
 urldate = "21.10.2020"
}


@misc{Reichhold.2013,
 author = "Reichhold, Swen",
 editor = "urbanite",
 year = "2013",
 title = "HTWK Leipzig im Fokus: Leipziger Hochschulen gepr{\"u}ft",
 howpublished  = "\url{https://www.urbanite.net/de/leipzig/artikel/htwk-leipzig-im-fokus}",
 urldate = "09.10.2020"
}


@misc{urbanite.2013,
 author = "{Stephan Jaensch, Jan Vesper, Marian Gaebler, Kristopher Jelinek, Philip Richter}",
 editor = "urbanite",
 year = "09.10.2020",
 title = "HTWK Leipzig im Fokus: Leipziger Hochschulen gepr{\"u}ft",
 howpublished  = "\url{https://www.urbanite.net/de/leipzig/artikel/htwk-leipzig-im-fokus}",
 urldate = "09.10.2020"
}


@misc{Saebel.2020,
 author = "{Theres SÃ¤bel}",
 editor = "HTWK Leipzig",
 year = "21.10.2020",
 title = "Eine wissenschaftliche Arbeit mit LaTeX erstellen"
}